@misc{ dpi,
    title       = {DPI (deep packet inspection)},
    url         = {https://en.wikipedia.org/wiki/Deep_packet_inspection},
    langid      = {english}    
}

@misc{ hft,
    title       = {HFT (High-frequency trading)},
    url         = {https://en.wikipedia.org/wiki/High-frequency_trading},
    langid      = {english}    
}

@article{ gwp,
    author     = {Ren, Gang and Tune, Eric and Moseley, Tipp and Shi, Yixin and Rus, Silvius and Hundt, Robert},
    title      = {Google-Wide Profiling: A Continuous Profiling Infrastructure for Data Centers},
    journal    = {IEEE Micro},
    issue_date = {July 2010},
    volume     = {30},
    number     = {4},
    month      = jul,
    year       = {2010},
    issn       = {0272-1732},
    pages      = {65--79},
    numpages   = {15},
    url        = {http://dx.doi.org/10.1109/MM.2010.68},
    doi        = {10.1109/MM.2010.68},
    acmid      = {1849332},
    publisher  = {IEEE Computer Society Press},
    address    = {Los Alamitos, CA, USA},
    keywords   = {hardware, optimization, performance monitoring, profiling tools, programming environments, system performance, system performance, tools and techniques, profiling tools, programming environments, performance monitoring, hardware, optimization, tools and techniques},
    langid      = {english}    
}

@article{ ibm,
    author      = {A. Zanella and R. Arnold.},
    title       = {Evaluate performance for Linux on POWER. Analyze performance using Linux tools},
    journal     = {IBM DeveloperWorks Technical library},
    year        = {2012},
    url         = {https://www.ibm.com/developerworks/linux/library/l-evaluatelinuxonpower/l-evaluatelinuxonpower-pdf.pdf},
    langid      = {english}
}

@book{meyers,
 author = {Meyers, Scott},
 title = {Effective Modern C++: 42 Specific Ways to Improve Your Use of C++11 and C++14},
 year = {2014},
 isbn = {1491903996, 9781491903995},
 edition = {1st},
 publisher = {O'Reilly Media, Inc.},
    langid      = {english}    
} 

@article{gprof,
 author = {Graham, Susan L. and Kessler, Peter B. and McKusick, Marshall K.},
 title = {Gprof: A Call Graph Execution Profiler},
 journal = {SIGPLAN Not.},
 issue_date = {April 2004},
 volume = {39},
 number = {4},
 month = apr,
 year = {2004},
 issn = {0362-1340},
 pages = {49--57},
 numpages = {9},
 url = {http://doi.acm.org/10.1145/989393.989401},
 doi = {10.1145/989393.989401},
 acmid = {989401},
 publisher = {ACM},
 address = {New York, NY, USA},
    langid      = {english}    
} 

@article{flamegraph,
 author = {Gregg, Brendan},
 title = {The Flame Graph},
 journal = {Queue},
 issue_date = {March-April 2016},
 volume = {14},
 number = {2},
 month = mar,
 year = {2016},
 issn = {1542-7730},
 pages = {10:91--10:110},
 articleno = {10},
 numpages = {20},
 url = {http://doi.acm.org/10.1145/2927299.2927301},
 doi = {10.1145/2927299.2927301},
 acmid = {2927301},
 publisher = {ACM},
 address = {New York, NY, USA},
    langid      = {english}    
} 

@article{valgrind,
 author = {Nethercote, Nicholas and Seward, Julian},
 title = {Valgrind: A Framework for Heavyweight Dynamic Binary Instrumentation},
 journal = {SIGPLAN Not.},
 issue_date = {June 2007},
 volume = {42},
 number = {6},
 month = jun,
 year = {2007},
 issn = {0362-1340},
 pages = {89--100},
 numpages = {12},
 url = {http://doi.acm.org/10.1145/1273442.1250746},
 doi = {10.1145/1273442.1250746},
 acmid = {1250746},
 publisher = {ACM},
 address = {New York, NY, USA},
 keywords = {Memcheck, Valgrind, dynamic binary analysis, dynamic binary instrumentation, shadow values},
 langid      = {english}
} 

@misc{ perf,
    title       = {Linux profiling with performance counters},
    url         = {https://perf.wiki.kernel.org},
    langid      = {english},
    year        = {2010}
}

@misc{ oprofile,
    title       = {OProfile is a statistical profiler for Linux systems},
    url         = {http://oprofile.sourceforge.net},
    langid      = {english},
    year        = {2001}
}

@misc{ gperf,
    title       = {CPU profiler we use at Google gperftools},
    url         = {http://goog-perftools.sourceforge.net/doc/cpu_profiler.html},
    langid      = {english}    
}

@misc{ deadlock_gperf,
    title       = {gperftools' stacktrace capturing methods and their issues},
    url         = {https://github.com/gperftools/gperftools/wiki/gperftools'-stacktrace-capturing-methods-and-their-issues},
    langid      = {english},
     year = {2006}
}

@misc{ graphviz,
    title       = {Graphviz is graph visualization software},
    url         = {http://www.graphviz.org/},
    langid      = {english},
     year = {1991}    
}

@misc{ ggsn,
    title       = {The Gateway GPRS Support Node (GGSN)},
    url         = {http://www.telecomabc.com/g/ggsn.html},
    langid      = {english}    
}

@misc{ radius,
    title       = {Remote Authentication Dial-In User Service (RADIUS)},
    url         = {https://en.wikipedia.org/wiki/RADIUS},
    langid      = {english}    
}

@misc{ dpdk,
    title       = {DPDK is a set of libraries and drivers for fast packet processing.},
    url         = {http://dpdk.org/},
    langid      = {english},
    year        = {2013}
}

@misc{ skip_list,
    title       = {Skip list is a data structure that allows fast search within an ordered sequence},
    url         = {https://en.wikipedia.org/wiki/Skip_list},
    langid      = {english},
    year        = {1989}
}

